@article{DBLP:journals/corr/abs-1809-05613,
  author    = {Mehrdad Salimitari and
               Mainak Chatterjee},
  title     = {An Overview of Blockchain and Consensus Protocols for IoT Networks},
  journal   = {CoRR},
  volume    = {abs/1809.05613},
  year      = {2018},
  url       = {http://arxiv.org/abs/1809.05613},
  archivePrefix = {arXiv},
  eprint    = {1809.05613},
  timestamp = {Fri, 05 Oct 2018 11:34:52 +0200},
  biburl    = {https://dblp.org/rec/bib/journals/corr/abs-1809-05613},
  bibsource = {dblp computer science bibliography, https://dblp.org}
}

@conference{iotbds18,
author={Claus Pahl. and Nabil EL Ioini. and Sven Helmer.},
title={A Decision Framework for Blockchain Platforms for IoT and Edge Computing},
booktitle={Proceedings of the 3rd International Conference on Internet of Things, Big Data and Security - Volume 1: IoTBDS,},
year={2018},
pages={105-113},
publisher={SciTePress},
organization={INSTICC},
doi={10.5220/0006688601050113},
isbn={978-989-758-296-7},
}

@INPROCEEDINGS{8632193,
author={H. {Pervez} and M. {Muneeb} and M. U. {Irfan} and I. U. {Haq}},
booktitle={2018 12th International Conference on Open Source Systems and Technologies (ICOSST)},
title={A Comparative Analysis of DAG-Based Blockchain Architectures},
year={2018},
volume={},
number={},
pages={27-34},
keywords={cryptography;data structures;directed graphs;distributed databases;feature extraction;transaction processing;shared distributed ledger;tamper-proof secure transactions;Directed Acyclic Graph;optimized validation mechanism;transaction validation;ledger size;DAG-based blockchain architectures;Nxt;IOTA;Orumesh;DagCoin;Byteball;Nano;XDAG;functional data structures;consensus algorithms;Blockchain;Scalability;Cryptography;Peer-to-peer computing;Computer architecture;Distributed databases;Directed acyclic graph},
doi={10.1109/ICOSST.2018.8632193},
ISSN={},
month={Dec},}
