% Encoding: windows-1252

@Book{bentley:1999,
  title     = {{P}rogramming {P}earls},
  publisher = {Ad\-dison--Wesley},
  year      = {1999},
  author    = {Jon Bentley},
  address   = {Boston, MA, USA},
  edition   = {2},
}

@BOOK{bringhurst:2002,
    title = {{T}he {E}lements of {T}ypographic {S}tyle},
    publisher = {Hartley \& Marks Publishers},
    year = {2013},
    author = {Robert Bringhurst},
    series = {Version 4.0: 20th Anniversary Edition},
    address = {Point Roberts, WA, USA}
}

@BOOK{cormen:2001,
    title = {{I}ntroduction to {A}lgorithms},
    publisher = {The MIT Press},
    year = {2009},
    author = {Cormen, Thomas H. and Leiserson, Charles E. and Rivest, Ronald L.
    and Clifford Stein},
    address = {Cambridge, MA, USA},
    edition = 3
}

@BOOK{dueck:trio,
    title = {{D}ueck's {T}rilogie 2.1: {O}mnisophie -- {S}upramanie -- {T}opothesie},
    publisher = {Springer},
	address = {Berlin, Germany},
    year = {2013},
    author = {Gunter Dueck}
}

@ARTICLE{knuth:1976,
    author = {Knuth, Donald E.},
    title = {{B}ig {O}micron and {B}ig {O}mega and {B}ig {T}heta},
    journal = {SIGACT News},
    year = {1976},
    volume = {8},
    pages = {18--24},
    number = {2},
    address = {New York, NY, USA},
    publisher = {ACM Press}
}

@ARTICLE{knuth:1974,
    author = {Knuth, Donald E.},
    title = {{C}omputer {P}rogramming as an {A}rt},
    journal = {Communications of the ACM},
    year = {1974},
    volume = {17},
    pages = {667--673},
    number = {12},
    address = {New York, NY, USA},
    publisher = {ACM Press}
}

@BOOK{sommerville:1992,
    title = {{S}oftware {E}ngineering},
    publisher = {Addison-Wesley},
    year = {2015},
    author = {Ian Sommerville},
    address = {Boston, MA, USA},
    edition = 10
}

@Book{taleb:2012,
  title     = {{A}ntifragile: {T}hings {T}hat {G}ain from {D}isorder},
  publisher = {Random House},
  year      = {2012},
  author    = {Taleb, Nassim Nicholas},
  address   = {New York, NY, USA},
}

@Book{taleb:2010,
 title = {The Black Swan: The Impact of the Highly Improbable},
 publisher = {Random House},
 year = {2010},
 author = {Taleb, Nassim Nicholas},
 address = {New York, NY, USA}
 }


@BOOK{ferriss:2016,
title={Tools of Titans: The Tactics, Routines, and Habits of Billionaires, Icons, and World-Class Performers},
author={Timothy Ferriss},
publisher={Houghton Mifflin Harcourt},
year={2016},
address = {Boston, MA, USA},
}

@Book{adams:1996,
 author = {Adams, Scott},
 title = {The Dilbert Principle},
 publisher = {Harper Business},
 year = {1996},
 address = {New York, NY, USA}
 }

@Book{adams:2013,
 author = {Adams, Scott},
 title = {How to Fail at Almost Everything and Still Win Big: Kind of the Story of My Life},
 publisher = {Portfolio Penguin},
 year = {2013},
 address = {London, United Kingdom},
 }

@Book{aurelius:2002,
 author = {Aurelius, Marcus},
 title = {Meditations (A New Translation)},
 publisher = {Modern Library},
 year = {2002},
 address = {New York, NY, USA},
 }

@Book{cialdini:1984,
 author = {Cialdini, Robert B.},
 title = {Influence: The Psychology of Persuasion},
 publisher = {Harper Business},
 year = {1984},
 address = {New York, NY, USA}
 }

@Book{feynman:1985,
  title     = {{S}urely {Y}ou're {J}oking, {M}r. {F}eynman: {A}dventures of a {C}urious {C}haracter},
  publisher = {W. W. Norton},
  year      = {1985},
  author    = {Feynman, Richard P.},
  address   = {New York, NY, USA},
}

@Book{greenwald:2014,
  title     = {{N}o {P}lace to {H}ide: {E}dward {S}nowden, the {NSA}, and the {S}urveillance {S}tate},
  publisher = {Metropolitan Books},
  year      = {2014},
  author    = {Greenwald, Glenn},
  address   = {New York, NY, USA},
}

@Book{orwell:1949,
 author = {Orwell, George},
 title = {Nineteen Eighty-Four},
 publisher = {Secker \& Warburg},
 year = {1949},
 address = {London, United Kingdom}
 }

@Book{pausch:2008,
  title     = {The Last Lecture},
  publisher = {Hodder \& Stoughton},
  year      = {2008},
  author    = {Pausch, Randy},
  editor    = {Zaslow, Jeffrey},
  address   = {London, United Kingdom},
}

@Book{seneca,
 author = {Seneca, Lucius},
 title = {Letters from a Stoic: Epistulae Morales ad Lucilium},
 publisher = {Penguin},
 year = {1969},
 address = {Harmondsworth, United Kingdom}
 }

@Book{trump:1987,
 author = {Trump, Donald J. and Schwartz, Tony},
 title = {Trump: The Art of the Deal},
 publisher = {Random House},
 year = {1987},
 address = {New York, NY, USA}
 }

 @Book{frankl:1959,
  author = {Frankl, Viktor E.},
 title = {Man's Search for Meaning},
 publisher = {Beacon Press},
 year = {1959},
 address = {Boston, MA, USA}
  }

@Book{munger:2008,
  title     = {Poor Charlie's Almanack: The Wit and Wisdom of Charles T. Munger},
  publisher = {Donning Company},
  year      = {2008},
  author    = {Munger, Charles T.},
  editor    = {Kaufman, Peter D.},
  address   = {Virginia Beach, VA, USA},
  edition   = {3},
}

 @Book{postman:2005,
 author = {Postman, Neil},
 title = {Amusing Ourselves to Death: Public Discourse in the Age of Show Business (20th Anniversary Edition)},
 publisher = {Penguin Books},
 year = {2005},
 address = {New York, NY, USA}
 }


 @article{ISO29148,
   added-at = {2013-10-15T12:17:16.000+0200},
   author = {{IEEE}},
   biburl = {https://www.bibsonomy.org/bibtex/2af1aa3284013e64524692b45c6848933/andiv},
   interhash = {e65baf87f748c27862d127060c3fef7c},
   intrahash = {af1aa3284013e64524692b45c6848933},
   journal = {ISO/IEC/IEEE 29148:2011(E)},
   keywords = {srs},
   timestamp = {2013-10-15T12:17:16.000+0200},
   title = {Systems and software engineering -- Life cycle processes --Requirements engineering},
   year = 2011
 }

 @book{SWEBOK,
   added-at = {2014-07-30T16:33:00.000+0200},
   address = {Los Alamitos, CA},
   biburl = {https://www.bibsonomy.org/bibtex/290d867e6864a790d15f245d73b168f0b/flint63},
   editor = {Abran, Alain and Moore, James W.},
   file = {IEEE Digital Library:2004/SWEBOK2004.pdf:PDF},
   groups = {public},
   interhash = {b8b5c0ef8ab493c8c467dec5dab40bf4},
   intrahash = {100ee0f11445a79977719661ed580226},
   isbn = {0-7695-2330-7},
   keywords = {v1205 ieee book software engineering guide},
   publisher = {IEEE Computer Society Press},
   timestamp = {2014-07-31T10:23:46.000+0200},
   title = {Guide to the Software Engineering Body of Knowledge: 2004 Version {SWEBOK}},
   url = {http://www2.computer.org/portal/web/swebok/2004guide},
   username = {flint63},
   year = 2005
 }

 @book{PMBOK,
   added-at = {2012-07-31T10:09:10.000+0200},
   author = {Institute, Project Management},
   biburl = {https://www.bibsonomy.org/bibtex/2917a255bd246640b7d97ddfe9d4fffdd/stammel},
   edition = {4th},
   interhash = {811169a579c55b92545119ef9a788450},
   intrahash = {917a255bd246640b7d97ddfe9d4fffdd},
   isbn = {9781933890661},
   keywords = {body guide knowledge management pmi project},
   publisher = {Project Management Institute},
   series = {PMI global standard},
   timestamp = {2012-07-31T10:09:10.000+0200},
   title = {A Guide to the Project Management Body of Knowledge(PMBOK Guide)},
   year = 2010
 }

 @book{SEBOK,
   accessed = {2019-10-28T15:00:00.000+0200},
   author = {R.J. Cloutier (Editor in Chief)},
   biburl = {www.sebokwiki.org},
   edition = {v.2.0},
   keywords = {body guide knowledge system engineering},
   publisher = {The Trustees of the Stevens Institute of Technology, International Council on Systems Engineering, Institute of Electrical and Electronics Engineers Computer Society},
   series = {BKCASE},
   timestamp = {2019-10-28T15:00:00.000+0200},
   title = {The Guide to the Systems Engineering Body of Knowledge (SEBoK)},
   year = 2019
 }

 @book{BABOK,
   title={Babok: A Guide to the Business Analysis Body of Knowledge},
   author={Iiba},
   number={Bd. 3},
   isbn={9781927584026},
   url={https://books.google.de/books?id=ogxTrgEACAAJ},
   year={2015},
   publisher={International Institute of Business Analysis}
 }

 @techreport{ISO25010,
   added-at = {2013-09-27T14:27:13.000+0200},
   author = {ISO/IEC},
   biburl = {https://www.bibsonomy.org/bibtex/2eab868d29307946c94ac5d7f2c646b86/junkerm},
   citeulike-article-id = {10951538},
   groups = {public},
   interhash = {344ec64aa39869f4bf6b510c9a9732cc},
   intrahash = {eab868d29307946c94ac5d7f2c646b86},
   keywords = {},
   posted-at = {2012-07-27 13:14:40},
   priority = {2},
   publisher = {ISO/IEC},
   timestamp = {2013-11-05T11:06:11.000+0100},
   title = {ISO/IEC 25010 System and software quality models},
   username = {junkerm},
   year = 2010
 }




@Comment{jabref-meta: databaseType:bibtex;}
